@ARTICLE{Bouabid+2013,
       author = {{Bouabid}, M. -P. and {Dupret}, M. -A. and {Salmon}, S. and {Montalb{\'a}n}, J. and {Miglio}, A. and et al.},
        title = "{Effects of the Coriolis force on high-order g modes in {\ensuremath{\gamma}} Doradus stars}",
      journal = {\mnras},
     keywords = {stars: oscillations, stars: rotation, stars: variables: general},
         year = 2013,
        month = mar,
       volume = {429},
       number = {3},
        pages = {2500-2514},
          doi = {10.1093/mnras/sts517},
       adsurl = {https://ui.adsabs.harvard.edu/abs/2013MNRAS.429.2500B},
      adsnote = {Provided by the SAO/NASA Astrophysics Data System}
}

@ARTICLE{Miglio+2008,
       author = {{Miglio}, A. and {Montalb{\'a}n}, J. and {Eggenberger}, P. and {Noels}, A.},
        title = "{Gravity modes and mixed modes as probes of stellar cores in main-sequence stars: From solar-like to {\ensuremath{\beta}} Cep stars}",
      journal = {Astronomische Nachrichten},
     keywords = {stars: evolution, stars: interiors, stars: oscillations, Astrophysics},
         year = 2008,
        month = jun,
       volume = {329},
       number = {5},
        pages = {529-534},
          doi = {10.1002/asna.200710991},
archivePrefix = {arXiv},
       eprint = {0712.3479},
 primaryClass = {astro-ph},
       adsurl = {https://ui.adsabs.harvard.edu/abs/2008AN....329..529M},
      adsnote = {Provided by the SAO/NASA Astrophysics Data System}
}

@ARTICLE{Hatta+2023,
       author = {{Hatta}, Yoshiki},
        title = "{Semi-analytical Expression of G-mode Period Spacing: The Case of Brunt-V{\"a}is{\"a}l{\"a} Frequency with Not a Jump but a Ramp}",
      journal = {\apj},
     keywords = {Stellar evolution, Stellar cores, Stellar interiors, Stellar oscillations, Asteroseismology, 1599, 1592, 1606, 1617, 73, Astrophysics - Solar and Stellar Astrophysics},
         year = 2023,
        month = jun,
       volume = {950},
       number = {2},
          eid = {165},
        pages = {165},
          doi = {10.3847/1538-4357/acd4b9},
archivePrefix = {arXiv},
       eprint = {2305.06840},
 primaryClass = {astro-ph.SR},
       adsurl = {https://ui.adsabs.harvard.edu/abs/2023ApJ...950..165H},
      adsnote = {Provided by the SAO/NASA Astrophysics Data System}
}

@ARTICLE{Cunha+2019,
       author = {{Cunha}, M.~S. and {Avelino}, P.~P. and {Christensen-Dalsgaard}, J. and {Stello}, D. and {Vrard}, M. and et al.},
        title = "{Analytical modelling of period spacings across the HR diagram}",
      journal = {\mnras},
     keywords = {stars: evolution, stars: interiors, stars: oscillations, Astrophysics - Solar and Stellar Astrophysics},
         year = 2019,
        month = nov,
       volume = {490},
       number = {1},
        pages = {909-926},
          doi = {10.1093/mnras/stz2582},
archivePrefix = {arXiv},
       eprint = {1909.04966},
 primaryClass = {astro-ph.SR},
       adsurl = {https://ui.adsabs.harvard.edu/abs/2019MNRAS.490..909C},
      adsnote = {Provided by the SAO/NASA Astrophysics Data System}
}

@ARTICLE{Tassoul+1980,
       author = {{Tassoul}, M.},
        title = "{Asymptotic approximations for stellar nonradial pulsations.}",
      journal = {\apjs},
     keywords = {Asymptotic Methods, Stellar Models, Stellar Oscillations, Mathematical Models, Vibration Mode, Astrophysics},
         year = 1980,
        month = aug,
       volume = {43},
        pages = {469-490},
          doi = {10.1086/190678},
       adsurl = {https://ui.adsabs.harvard.edu/abs/1980ApJS...43..469T},
      adsnote = {Provided by the SAO/NASA Astrophysics Data System}
}

@BOOK{Aerts+2010,
       author = {{Aerts}, Conny and {Christensen-Dalsgaard}, J{\o}rgen and {Kurtz}, Donald W.},
        title = "{Asteroseismology}",
         year = 2010,
          doi = {10.1007/978-1-4020-5803-5},
       adsurl = {https://ui.adsabs.harvard.edu/abs/2010aste.book.....A},
      adsnote = {Provided by the SAO/NASA Astrophysics Data System},
    publisher = "Springerslowly pulsating B stars"
}

@BOOK{Unno+1989,
       author = {{Unno}, Wasaburo and {Osaki}, Yoji and {Ando}, Hiroyasu and {Saio}, H. and {Shibahashi}, H.},
        title = "{Nonradial oscillations of stars}",
         year = 1989,
       adsurl = {https://ui.adsabs.harvard.edu/abs/1989nos..book.....U},
      adsnote = {Provided by the SAO/NASA Astrophysics Data System}
}

@ARTICLE{Aerts+2019,
       author = {{Aerts}, Conny and {Mathis}, St{\'e}phane and {Rogers}, Tamara M.},
        title = "{Angular Momentum Transport in Stellar Interiors}",
      journal = {\araa},
     keywords = {Astrophysics - Solar and Stellar Astrophysics},
         year = 2019,
        month = aug,
       volume = {57},
        pages = {35-78},
          doi = {10.1146/annurev-astro-091918-104359},
archivePrefix = {arXiv},
       eprint = {1809.07779},
 primaryClass = {astro-ph.SR},
       adsurl = {https://ui.adsabs.harvard.edu/abs/2019ARA&A..57...35A},
      adsnote = {Provided by the SAO/NASA Astrophysics Data System}
}

@ARTICLE{Kiriakidis+1992,
       author = {{Kiriakidis}, M. and {El Eid}, M.~F. and {Glatzel}, W.},
        title = "{Heavy element opacities and the pulsations of beta cepheid stars.}",
      journal = {\mnras},
     keywords = {Cepheid Variables, Massive Stars, Metallicity, Opacity, Stellar Evolution, Stellar Oscillations, Heavy Elements, Stellar Models, Stellar Temperature, Astrophysics},
         year = 1992,
        month = mar,
       volume = {255},
        pages = {1P-5},
          doi = {10.1093/mnras/255.1.1P},
       adsurl = {https://ui.adsabs.harvard.edu/abs/1992MNRAS.255P...1K},
      adsnote = {Provided by the SAO/NASA Astrophysics Data System}
}

@ARTICLE{Moskalik+1992,
       author = {{Moskalik}, P. and {Dziembowski}, W.~A.},
        title = "{New opacities and the origin of the {\ensuremath{\beta}} Cephei pulsation.}",
      journal = {\aap},
     keywords = {Cepheid Variables, Opacity, Stellar Oscillations, Hertzsprung-Russell Diagram, Supergiant Stars, Astrophysics},
         year = 1992,
        month = mar,
       volume = {256},
        pages = {L5-L8},
       adsurl = {https://ui.adsabs.harvard.edu/abs/1992A&A...256L...5M},
      adsnote = {Provided by the SAO/NASA Astrophysics Data System}
}

@ARTICLE{Cox+1992,
       author = {{Cox}, Arthur N. and {Morgan}, Siobahn M. and {Rogers}, Forrest J. and {Iglesias}, Carlos A.},
        title = "{An Opacity Mechanism for the Pulsations of OB Stars}",
      journal = {\apj},
     keywords = {Cepheid Variables, Early Stars, Line Spectra, Stellar Oscillations, B Stars, Iron, Stellar Luminosity, Stellar Models, Astrophysics, ATOMIC PROCESSES, STARS: EARLY-TYPE, STARS: OSCILLATIONS, STARS: VARIABLES: CEPHEIDS, STARS: VARIABLES: DELTA SCUTI},
         year = 1992,
        month = jul,
       volume = {393},
        pages = {272},
          doi = {10.1086/171504},
       adsurl = {https://ui.adsabs.harvard.edu/abs/1992ApJ...393..272C},
      adsnote = {Provided by the SAO/NASA Astrophysics Data System}
}

@ARTICLE{Guzik+2000,
       author = {{Guzik}, Joyce A. and {Kaye}, Anthony B. and {Bradley}, Paul A. and {Cox}, Arthur N. and {Neuforge}, Corinne},
        title = "{Driving the Gravity-Mode Pulsations in {\ensuremath{\gamma}} Doradus Variables}",
      journal = {\apjl},
     keywords = {Stars: Oscillations, Stars: Variables: Other},
         year = 2000,
        month = oct,
       volume = {542},
       number = {1},
        pages = {L57-L60},
          doi = {10.1086/312908},
       adsurl = {https://ui.adsabs.harvard.edu/abs/2000ApJ...542L..57G},
      adsnote = {Provided by the SAO/NASA Astrophysics Data System}
}

@ARTICLE{Renzo+2021,
       author = {{Renzo}, M. and {G{\"o}tberg}, Y.},
        title = "{Evolution of Accretor Stars in Massive Binaries: Broader Implications from Modeling {\ensuremath{\zeta}} Ophiuchi}",
      journal = {\apj},
     keywords = {154, 1578, 1417, 732, 1629, Astrophysics - Solar and Stellar Astrophysics},
         year = 2021,
        month = dec,
       volume = {923},
       number = {2},
          eid = {277},
        pages = {277},
          doi = {10.3847/1538-4357/ac29c5},
archivePrefix = {arXiv},
       eprint = {2107.10933},
 primaryClass = {astro-ph.SR},
       adsurl = {https://ui.adsabs.harvard.edu/abs/2021ApJ...923..277R},
      adsnote = {Provided by the SAO/NASA Astrophysics Data System}
}

@ARTICLE{Miszuda+2021,
       author = {{Miszuda}, A. and {Szewczuk}, W. and {Daszy{\'n}ska-Daszkiewicz}, J.},
        title = "{The eclipsing binary systems with {\ensuremath{\delta}} Scuti component - I. KIC 10661783}",
      journal = {\mnras},
     keywords = {binaries: eclipsing, binaries: spectroscopic, stars: low-mass, stars: evolution, stars: oscillations, Astrophysics - Solar and Stellar Astrophysics},
         year = 2021,
        month = aug,
       volume = {505},
       number = {3},
        pages = {3206-3218},
          doi = {10.1093/mnras/stab1597},
archivePrefix = {arXiv},
       eprint = {2105.14836},
 primaryClass = {astro-ph.SR},
       adsurl = {https://ui.adsabs.harvard.edu/abs/2021MNRAS.505.3206M},
      adsnote = {Provided by the SAO/NASA Astrophysics Data System}
}


@article{BVF-vaisala,
author="Väisälä, Vilho",
title="Uber die Wirkung der Windschwankungen auf die Pilot beobachtungen",
journal="Soc. Sci. Fennica, Commentationes Phys.-Math. II",
year="1925",
volume="19",
pages="38",
URL="https://cir.nii.ac.jp/crid/1571417125137427072"
}

@ARTICLE{BVF-brunt,
       author = {{Brunt}, D.},
        title = "{The period of simple vertical oscillations in the atmosphere}",
      journal = {Quarterly Journal of the Royal Meteorological Society},
         year = 1927,
        month = jan,
       volume = {53},
       number = {221},
        pages = {30-32},
          doi = {10.1002/qj.49705322103},
       adsurl = {https://ui.adsabs.harvard.edu/abs/1927QJRMS..53...30B},
      adsnote = {Provided by the SAO/NASA Astrophysics Data System}
}

@ARTICLE{Sana+2012,
       author = {{Sana}, H. and {de Mink}, S.~E. and {de Koter}, A. and {Langer}, N. and {Evans}, C.~J. and et al.},
        title = "{Binary Interaction Dominates the Evolution of Massive Stars}",
      journal = {Science},
     keywords = {ASTRONOMY, Astrophysics - Solar and Stellar Astrophysics, Astrophysics - Cosmology and Extragalactic Astrophysics},
         year = 2012,
        month = jul,
       volume = {337},
       number = {6093},
        pages = {444},
          doi = {10.1126/science.1223344},
archivePrefix = {arXiv},
       eprint = {1207.6397},
 primaryClass = {astro-ph.SR},
       adsurl = {https://ui.adsabs.harvard.edu/abs/2012Sci...337..444S},
      adsnote = {Provided by the SAO/NASA Astrophysics Data System}
}

@ARTICLE{Moe+2017,
       author = {{Moe}, Maxwell and {Di Stefano}, Rosanne},
        title = "{Mind Your Ps and Qs: The Interrelation between Period (P) and Mass-ratio (Q) Distributions of Binary Stars}",
      journal = {\apjs},
     keywords = {binaries: close, binaries: general, stars: evolution, stars: formation, stars: massive, stars: statistics, Astrophysics - Solar and Stellar Astrophysics},
         year = 2017,
        month = jun,
       volume = {230},
       number = {2},
          eid = {15},
        pages = {15},
          doi = {10.3847/1538-4365/aa6fb6},
archivePrefix = {arXiv},
       eprint = {1606.05347},
 primaryClass = {astro-ph.SR},
       adsurl = {https://ui.adsabs.harvard.edu/abs/2017ApJS..230...15M},
      adsnote = {Provided by the SAO/NASA Astrophysics Data System}
}

@ARTICLE{Mason+2009,
       author = {{Mason}, Brian D. and {Hartkopf}, William I. and {Gies}, Douglas R. and {Henry}, Todd J. and {Helsel}, John W.},
        title = "{The High Angular Resolution Multiplicity of Massive Stars}",
      journal = {\aj},
     keywords = {binaries: general, binaries: visual, stars: early-type, stars: individual: iota Ori delta Ori delta Sco, techniques: interferometric, Astrophysics},
         year = 2009,
        month = feb,
       volume = {137},
       number = {2},
        pages = {3358-3377},
          doi = {10.1088/0004-6256/137/2/3358},
archivePrefix = {arXiv},
       eprint = {0811.0492},
 primaryClass = {astro-ph},
       adsurl = {https://ui.adsabs.harvard.edu/abs/2009AJ....137.3358M},
      adsnote = {Provided by the SAO/NASA Astrophysics Data System}
}

@ARTICLE{Almeida+2017,
       author = {{Almeida}, L.~A. and {Sana}, H. and {Taylor}, W. and {Barb{\'a}}, R. and {Bonanos}, A.~Z. and et al.},
        title = "{The Tarantula Massive Binary Monitoring. I. Observational campaign and OB-type spectroscopic binaries}",
      journal = {\aap},
     keywords = {stars: early-type, stars: massive, binaries: spectroscopic, binaries: close, Astrophysics - Solar and Stellar Astrophysics},
         year = 2017,
        month = feb,
       volume = {598},
          eid = {A84},
        pages = {A84},
          doi = {10.1051/0004-6361/201629844},
archivePrefix = {arXiv},
       eprint = {1610.03500},
 primaryClass = {astro-ph.SR},
       adsurl = {https://ui.adsabs.harvard.edu/abs/2017A&A...598A..84A},
      adsnote = {Provided by the SAO/NASA Astrophysics Data System}
}

@ARTICLE{Neo+1977,
       author = {{Neo}, S. and {Miyaji}, S. and {Nomoto}, K. and {Sugimoto}, D.},
        title = "{Effect of Rapid Mass Accretion onto the Main-Sequence Stars}",
      journal = {\pasj},
         year = 1977,
        month = jan,
       volume = {29},
        pages = {249-262},
       adsurl = {https://ui.adsabs.harvard.edu/abs/1977PASJ...29..249N},
      adsnote = {Provided by the SAO/NASA Astrophysics Data System}
}

@ARTICLE{Ledoux+1947,
       author = {{Ledoux}, P.},
        title = "{Stellar Models with Convection and with Discontinuity of the Mean Molecular Weight}",
      journal = {\apj},
         year = 1947,
        month = mar,
       volume = {105},
        pages = {305},
          doi = {10.1086/144905},
       adsurl = {https://ui.adsabs.harvard.edu/abs/1947ApJ...105..305L},
      adsnote = {Provided by the SAO/NASA Astrophysics Data System}
}

@ARTICLE{Langer+1983,
       author = {{Langer}, N. and {Fricke}, K.~J. and {Sugimoto}, D.},
        title = "{Semiconvective diffusion and energy transport}",
      journal = {\aap},
     keywords = {Astrophysics, Convection, Diffusion, Energy Transfer, Stellar Structure, Diffusion Coefficient, Stellar Interiors, Temperature Gradients, Astrophysics},
         year = 1983,
        month = sep,
       volume = {126},
       number = {1},
        pages = {207},
       adsurl = {https://ui.adsabs.harvard.edu/abs/1983A&A...126..207L},
      adsnote = {Provided by the SAO/NASA Astrophysics Data System}
}

@ARTICLE{Herwig+2000,
       author = {{Herwig}, F.},
        title = "{The evolution of AGB stars with convective overshoot}",
      journal = {\aap},
     keywords = {STARS: ABUNDANCES, STARS: INTERIORS, STARS: EVOLUTION, STARS: AGB AND POST-AGB, Astrophysics},
         year = 2000,
        month = aug,
       volume = {360},
        pages = {952-968},
          doi = {10.48550/arXiv.astro-ph/0007139},
archivePrefix = {arXiv},
       eprint = {astro-ph/0007139},
 primaryClass = {astro-ph},
       adsurl = {https://ui.adsabs.harvard.edu/abs/2000A&A...360..952H},
      adsnote = {Provided by the SAO/NASA Astrophysics Data System}
}

@ARTICLE{Kolb+1990,
       author = {{Kolb}, U. and {Ritter}, H.},
        title = "{A comparative study of the evolution of a close binary using a standard and an improved technique for computing mass transfer.}",
      journal = {\aap},
     keywords = {Binary Stars, Computational Astrophysics, Mass Transfer, Stellar Evolution, Asymptotic Giant Branch Stars, Stellar Mass, Stellar Models, Stellar Structure, Stellar Winds, Astrophysics},
         year = 1990,
        month = sep,
       volume = {236},
        pages = {385-392},
       adsurl = {https://ui.adsabs.harvard.edu/abs/1990A&A...236..385K},
      adsnote = {Provided by the SAO/NASA Astrophysics Data System}
}

@ARTICLE{Claret+2017,
       author = {{Claret}, Antonio and {Torres}, Guillermo},
        title = "{The Dependence of Convective Core Overshooting on Stellar Mass: A Semi-empirical Determination Using the Diffusive Approach with Two Different Element Mixtures}",
      journal = {\apj},
     keywords = {binaries: eclipsing, convection, stars: evolution, stars: interiors, Astrophysics - Solar and Stellar Astrophysics},
         year = 2017,
        month = nov,
       volume = {849},
       number = {1},
          eid = {18},
        pages = {18},
          doi = {10.3847/1538-4357/aa8770},
archivePrefix = {arXiv},
       eprint = {1710.08417},
 primaryClass = {astro-ph.SR},
       adsurl = {https://ui.adsabs.harvard.edu/abs/2017ApJ...849...18C},
      adsnote = {Provided by the SAO/NASA Astrophysics Data System}
}

@ARTICLE{Kippenhahn+1980,
       author = {{Kippenhahn}, R. and {Ruschenplatt}, G. and {Thomas}, H. -C.},
        title = "{The time scale of thermohaline mixing in stars}",
      journal = {\aap},
     keywords = {Atmospheric Circulation, Dynamic Stability, Helium Hydrogen Atmospheres, Main Sequence Stars, Stellar Envelopes, Stellar Structure, Atmospheric Diffusion, Diffusion Coefficient, Molecular Weight, Stellar Atmospheres, Stellar Oscillations, Astrophysics},
         year = 1980,
        month = nov,
       volume = {91},
       number = {1-2},
        pages = {175-180},
       adsurl = {https://ui.adsabs.harvard.edu/abs/1980A&A....91..175K},
      adsnote = {Provided by the SAO/NASA Astrophysics Data System}
}

@ARTICLE{Packet+1981,
       author = {{Packet}, W.},
        title = "{On the spin-up of the mass accreting component in a close binary system}",
      journal = {\aap},
     keywords = {Binary Stars, Momentum Transfer, Stellar Evolution, Stellar Mass Accretion, Angular Momentum, Angular Velocity, Critical Velocity, Stellar Rotation, Astrophysics},
         year = 1981,
        month = sep,
       volume = {102},
       number = {1},
        pages = {17-19},
       adsurl = {https://ui.adsabs.harvard.edu/abs/1981A&A...102...17P},
      adsnote = {Provided by the SAO/NASA Astrophysics Data System}
}

@ARTICLE{Dziembowski+1971,
       author = {{Dziembowski}, W.~A.},
        title = "{Nonradial Oscillations of Evolved Stars. I. Quasiadiabatic Approximation}",
      journal = {\actaa},
     keywords = {GLOBAL MODES, OSCILLATIONS, THEORY},
         year = 1971,
        month = jan,
       volume = {21},
        pages = {289-306},
       adsurl = {https://ui.adsabs.harvard.edu/abs/1971AcA....21..289D},
      adsnote = {Provided by the SAO/NASA Astrophysics Data System}
}

@ARTICLE{Christensen-Dalsgaard+2008,
       author = {{Christensen-Dalsgaard}, J{\o}rgen},
        title = "{ADIPLS{\textemdash}the Aarhus adiabatic oscillation package}",
      journal = {\apss},
     keywords = {Stars: oscillations, Numerical methods, Asteroseismology, Astrophysics},
         year = 2008,
        month = aug,
       volume = {316},
       number = {1-4},
        pages = {113-120},
          doi = {10.1007/s10509-007-9689-z},
archivePrefix = {arXiv},
       eprint = {0710.3106},
 primaryClass = {astro-ph},
       adsurl = {https://ui.adsabs.harvard.edu/abs/2008Ap&SS.316..113C},
      adsnote = {Provided by the SAO/NASA Astrophysics Data System}
}

@ARTICLE{Mitalas+1972,
       author = {{Mitalas}, R.},
        title = "{On Semiconvection}",
      journal = {\apj},
         year = 1972,
        month = nov,
       volume = {177},
        pages = {693},
          doi = {10.1086/151748},
       adsurl = {https://ui.adsabs.harvard.edu/abs/1972ApJ...177..693M},
      adsnote = {Provided by the SAO/NASA Astrophysics Data System}
}

@ARTICLE{Crowe+1982,
       author = {{Crowe}, R.~A. and {Matalas}, R.},
        title = "{Semiconvection in Low-Mass Main Sequence Stars}",
      journal = {\aap},
         year = 1982,
        month = apr,
       volume = {108},
        pages = {55},
       adsurl = {https://ui.adsabs.harvard.edu/abs/1982A&A...108...55C},
      adsnote = {Provided by the SAO/NASA Astrophysics Data System}
}

@ARTICLE{SilvaAguirre+2011,
       author = {{Silva Aguirre}, V. and {Ballot}, J. and {Serenelli}, A.~M. and {Weiss}, A.},
        title = "{Constraining mixing processes in stellar cores using asteroseismology. Impact of semiconvection in low-mass stars}",
      journal = {\aap},
     keywords = {stars: evolution, convection, asteroseismology, stars: oscillations, Astrophysics - Solar and Stellar Astrophysics},
         year = 2011,
        month = may,
       volume = {529},
          eid = {A63},
        pages = {A63},
          doi = {10.1051/0004-6361/201015847},
archivePrefix = {arXiv},
       eprint = {1102.0779},
 primaryClass = {astro-ph.SR},
       adsurl = {https://ui.adsabs.harvard.edu/abs/2011A&A...529A..63S},
      adsnote = {Provided by the SAO/NASA Astrophysics Data System}
}

@ARTICLE{Waelkens+1985,
       author = {{Waelkens}, C. and {Rufener}, F.},
        title = "{Photometric variability of mid-B stars.}",
      journal = {\aap},
     keywords = {Astronomical Photometry, B Stars, Early Stars, Stellar Oscillations, Variable Stars, Accuracy, Binary Stars, Classifications, Light Curve, Standard Deviation, Astrophysics},
         year = 1985,
        month = nov,
       volume = {152},
        pages = {6-14},
       adsurl = {https://ui.adsabs.harvard.edu/abs/1985A&A...152....6W},
      adsnote = {Provided by the SAO/NASA Astrophysics Data System}
}

@ARTICLE{Waelkens+1991,
       author = {{Waelkens}, C.},
        title = "{Slowly pulsating B stars.}",
      journal = {\aap},
     keywords = {B Stars, Stellar Evolution, Stellar Oscillations, Stellar Spectrophotometry, Variable Stars, Color-Magnitude Diagram, Early Stars, Stellar Color, Astrophysics},
         year = 1991,
        month = jun,
       volume = {246},
        pages = {453},
       adsurl = {https://ui.adsabs.harvard.edu/abs/1991A&A...246..453W},
      adsnote = {Provided by the SAO/NASA Astrophysics Data System}
}

@ARTICLE{Broekgaarden+2022,
       author = {{Broekgaarden}, Floor S. and {Berger}, Edo and {Stevenson}, Simon and {Justham}, Stephen and {Mandel}, Ilya and et al.},
        title = "{Impact of massive binary star and cosmic evolution on gravitational wave observations - II. Double compact object rates and properties}",
      journal = {\mnras},
     keywords = {gravitational waves, stars: evolution, (transients:) black hole - neutron star mergers, Astrophysics - High Energy Astrophysical Phenomena, Astrophysics - Solar and Stellar Astrophysics},
         year = 2022,
        month = nov,
       volume = {516},
       number = {4},
        pages = {5737-5761},
          doi = {10.1093/mnras/stac1677},
archivePrefix = {arXiv},
       eprint = {2112.05763},
 primaryClass = {astro-ph.HE},
       adsurl = {https://ui.adsabs.harvard.edu/abs/2022MNRAS.516.5737B},
      adsnote = {Provided by the SAO/NASA Astrophysics Data System}
}

@ARTICLE{Pamyatnykh+1999,
       author = {{Pamyatnykh}, A.~A.},
        title = "{Pulsational Instability Domains in the Upper Main Sequence}",
      journal = {\actaa},
     keywords = {INSTABILITIES, STARS: OSCILLATIONS},
         year = 1999,
        month = jun,
       volume = {49},
        pages = {119-148},
       adsurl = {https://ui.adsabs.harvard.edu/abs/1999AcA....49..119P},
      adsnote = {Provided by the SAO/NASA Astrophysics Data System}
}

@ARTICLE{Johnston+2021,
       author = {{Johnston}, C.},
        title = "{One size does not fit all: Evidence for a range of mixing efficiencies in stellar evolution calculations}",
      journal = {\aap},
     keywords = {stars: evolution, stars: interiors, binaries: eclipsing, stars: oscillations, asteroseismology, Astrophysics - Solar and Stellar Astrophysics},
         year = 2021,
        month = nov,
       volume = {655},
          eid = {A29},
        pages = {A29},
          doi = {10.1051/0004-6361/202141080},
archivePrefix = {arXiv},
       eprint = {2107.09075},
 primaryClass = {astro-ph.SR},
       adsurl = {https://ui.adsabs.harvard.edu/abs/2021A&A...655A..29J},
      adsnote = {Provided by the SAO/NASA Astrophysics Data System}
}

@ARTICLE{Pedersen+2022,
       author = {{Pedersen}, May G.},
        title = "{On the Diversity of Mixing and Helium Core Masses of B-type Dwarfs from Gravity-mode Asteroseismology}",
      journal = {\apj},
     keywords = {Stellar cores, Stellar interiors, Stellar pulsations, Stellar evolution, Stellar diffusion, 1592, 1606, 1625, 1599, 1593, Astrophysics - Solar and Stellar Astrophysics},
         year = 2022,
        month = may,
       volume = {930},
       number = {1},
          eid = {94},
        pages = {94},
          doi = {10.3847/1538-4357/ac5b05},
archivePrefix = {arXiv},
       eprint = {2203.02046},
 primaryClass = {astro-ph.SR},
       adsurl = {https://ui.adsabs.harvard.edu/abs/2022ApJ...930...94P},
      adsnote = {Provided by the SAO/NASA Astrophysics Data System}
}

@ARTICLE{Aerts+2021,
       author = {{Aerts}, C.},
        title = "{Probing the interior physics of stars through asteroseismology}",
      journal = {Reviews of Modern Physics},
     keywords = {Astrophysics - Solar and Stellar Astrophysics},
         year = 2021,
        month = jan,
       volume = {93},
       number = {1},
          eid = {015001},
        pages = {015001},
          doi = {10.1103/RevModPhys.93.015001},
archivePrefix = {arXiv},
       eprint = {1912.12300},
 primaryClass = {astro-ph.SR},
       adsurl = {https://ui.adsabs.harvard.edu/abs/2021RvMP...93a5001A},
      adsnote = {Provided by the SAO/NASA Astrophysics Data System}
}

@ARTICLE{Pedersen+2018,
       author = {{Pedersen}, M.~G. and {Aerts}, C. and {P{\'a}pics}, P.~I. and {Rogers}, T.~M.},
        title = "{The shape of convective core overshooting from gravity-mode period spacings}",
      journal = {\aap},
     keywords = {asteroseismology, convection, diffusion, stars: interiors, stars: oscillations, stars: abundances, Astrophysics - Solar and Stellar Astrophysics},
         year = 2018,
        month = jul,
       volume = {614},
          eid = {A128},
        pages = {A128},
          doi = {10.1051/0004-6361/201732317},
archivePrefix = {arXiv},
       eprint = {1802.02051},
 primaryClass = {astro-ph.SR},
       adsurl = {https://ui.adsabs.harvard.edu/abs/2018A&A...614A.128P},
      adsnote = {Provided by the SAO/NASA Astrophysics Data System}
}

@ARTICLE{Michielsen+2021,
       author = {{Michielsen}, M. and {Aerts}, C. and {Bowman}, D.~M.},
        title = "{Probing the temperature gradient in the core boundary layer of stars with gravito-inertial modes. The case of KIC 7760680}",
      journal = {\aap},
     keywords = {asteroseismology, convection, stars: oscillations, stars: interiors, methods: statistical, techniques: photometric, Astrophysics - Solar and Stellar Astrophysics},
         year = 2021,
        month = jun,
       volume = {650},
          eid = {A175},
        pages = {A175},
          doi = {10.1051/0004-6361/202039926},
archivePrefix = {arXiv},
       eprint = {2104.04531},
 primaryClass = {astro-ph.SR},
       adsurl = {https://ui.adsabs.harvard.edu/abs/2021A&A...650A.175M},
      adsnote = {Provided by the SAO/NASA Astrophysics Data System}
}

@ARTICLE{Kurtz+2022,
       author = {{Kurtz}, Donald W.},
        title = "{Asteroseismology Across the Hertzsprung-Russell Diagram}",
      journal = {\araa},
         year = 2022,
        month = aug,
       volume = {60},
        pages = {31-71},
          doi = {10.1146/annurev-astro-052920-094232},
       adsurl = {https://ui.adsabs.harvard.edu/abs/2022ARA&A..60...31K},
      adsnote = {Provided by the SAO/NASA Astrophysics Data System}
}

