@ARTICLE{Bouabid+2013,
       author = {{Bouabid}, M. -P. and {Dupret}, M. -A. and {Salmon}, S. and {Montalb{\'a}n}, J. and {Miglio}, A. and et al.},
        title = "{Effects of the Coriolis force on high-order g modes in {\ensuremath{\gamma}} Doradus stars}",
      journal = {\mnras},
     keywords = {stars: oscillations, stars: rotation, stars: variables: general},
         year = 2013,
        month = mar,
       volume = {429},
       number = {3},
        pages = {2500-2514},
          doi = {10.1093/mnras/sts517},
       adsurl = {https://ui.adsabs.harvard.edu/abs/2013MNRAS.429.2500B},
      adsnote = {Provided by the SAO/NASA Astrophysics Data System}
}

@ARTICLE{Miglio+2008,
       author = {{Miglio}, A. and {Montalb{\'a}n}, J. and {Eggenberger}, P. and {Noels}, A.},
        title = "{Gravity modes and mixed modes as probes of stellar cores in main-sequence stars: From solar-like to {\ensuremath{\beta}} Cep stars}",
      journal = {Astronomische Nachrichten},
     keywords = {stars: evolution, stars: interiors, stars: oscillations, Astrophysics},
         year = 2008,
        month = jun,
       volume = {329},
       number = {5},
        pages = {529-534},
          doi = {10.1002/asna.200710991},
archivePrefix = {arXiv},
       eprint = {0712.3479},
 primaryClass = {astro-ph},
       adsurl = {https://ui.adsabs.harvard.edu/abs/2008AN....329..529M},
      adsnote = {Provided by the SAO/NASA Astrophysics Data System}
}

@ARTICLE{Hatta+2023,
       author = {{Hatta}, Yoshiki},
        title = "{Semi-analytical Expression of G-mode Period Spacing: The Case of Brunt-V{\"a}is{\"a}l{\"a} Frequency with Not a Jump but a Ramp}",
      journal = {\apj},
     keywords = {Stellar evolution, Stellar cores, Stellar interiors, Stellar oscillations, Asteroseismology, 1599, 1592, 1606, 1617, 73, Astrophysics - Solar and Stellar Astrophysics},
         year = 2023,
        month = jun,
       volume = {950},
       number = {2},
          eid = {165},
        pages = {165},
          doi = {10.3847/1538-4357/acd4b9},
archivePrefix = {arXiv},
       eprint = {2305.06840},
 primaryClass = {astro-ph.SR},
       adsurl = {https://ui.adsabs.harvard.edu/abs/2023ApJ...950..165H},
      adsnote = {Provided by the SAO/NASA Astrophysics Data System}
}

